@book{galvin,
author = {Abraham Silberschatz and Greg Gagne and Peter Baer Galvin},
edition = 7,
publisher = {John Wiley \& Sons, Inc},
title = {Operating System Concepts, Seventh Edition},
year = 2005,
keywords = {textbook},
description = {Amazon.com: Operating System Concepts (Windows Xp Update): Abraham Silberschatz, Greg Gagne, Peter Baer Galvin: Books},
	isbn = {0471694665},
}

@book{Bach,
author = {Bach, Maurice J.},
title = {The design of the UNIX operating system},
year = {1986},
isbn = {0-13-201799-7},
publisher = {Prentice-Hall, Inc.},
address = {Upper Saddle River, NJ, USA},
} 

@book{Crowley,
author = {Crowley, Charles},
title = {Operating Systems: A Design-Oriented Approach},
year = {1996},
isbn = {0256151512},
publisher = {McGraw-Hill Professional},
} 

@INPROCEEDINGS{nachos,
    author = {Wayne A. Christopher and Steven J. Procter and Thomas E. Anderson},
    title = {The Nachos Instructional Operating System},
    booktitle = {In Proceedings of the Winter 1993 USENIX Conference},
    year = {1993},
    pages = {479--488}
}
@booklet{group1,
    author   = {Jeril K George and K Dinesh and Mathew Kumpalamthanam and Naseem Iqbal},
    title     = {Design and Implementation of an Experimental Operating System : File system Specification},
    howpublished   = {B.Tech thesis},
    address  = {NIT Calicut},
    year      = {2011},
    month    = {May}
}
@booklet{group2,
    author   = {Ajeet Kumar and Avinash and Deepak Goyal and Nitish Kumar and Sathyam Doraswamy and Yogesh Mishra},
    title     = {Design and Implementation of an Experimental Operating System : Architectural Specification},
    howpublished   = {B.Tech thesis},
    address  = {NIT Calicut},
    year      = {2011},
    month    = {May}
}
@booklet{apsil,
    author   = {Shamil C M and Vivek Anand T Kallampally and Sreeraj S},
    title     = {AP-SIL Language Specification},
    howpublished   = {B.Tech thesis},
    address  = {NIT Calicut},
    year      = {2012},
    month    = {February}
}
@booklet{spsil,
    author   = {Shamil C M and Vivek Anand T Kallampally and Sreeraj S},
    title     = {SP-SIL Language Specification},
    howpublished   = {B.Tech thesis},
    address  = {NIT Calicut},
    year      = {2012},
    month    = {February}
}

@Misc{sim,
 howpublished = "\url{http://www.athena.nitc.ac.in/~kmurali/Compiler/sim.html}",
}
